<record><leader>03438nam a2200445 i 4500</leader><controlfield tag="001">6741147</controlfield><controlfield tag="003">CaPaEBR</controlfield><controlfield tag="005">20141025114730.0</controlfield><controlfield tag="006">m    eo  d        </controlfield><controlfield tag="007">cr cn |||m|||a</controlfield><controlfield tag="008">141025s2015    nyu    foab   001 0 eng d</controlfield><datafield ind1=" " ind2=" " tag="020"><subfield code="a">9781606499115</subfield><subfield code="q">e-book</subfield></datafield><datafield ind1=" " ind2=" " tag="020"><subfield code="z">9781606499108</subfield><subfield code="q">paperback</subfield></datafield><datafield ind1=" " ind2=" " tag="035"><subfield code="a">ocn893913745</subfield></datafield><datafield ind1=" " ind2=" " tag="039"><subfield code="a">exclude</subfield></datafield><datafield ind1=" " ind2=" " tag="040"><subfield code="a">CaBNVSL</subfield><subfield code="b">eng</subfield><subfield code="e">rda</subfield><subfield code="c">CaBNVSL</subfield><subfield code="d">CaBNVSL</subfield><subfield code="d">AEU</subfield></datafield><datafield ind1=" " ind2="4" tag="050"><subfield code="a">HD57.7</subfield><subfield code="b">.P275 2015</subfield></datafield><datafield ind1="0" ind2="4" tag="082"><subfield code="a">658.4092</subfield><subfield code="2">23</subfield></datafield><datafield ind1=" " ind2=" " tag="090"><subfield code="a">Internet Access</subfield><subfield code="b">AEU</subfield></datafield><datafield ind1="1" ind2=" " tag="100"><subfield code="a">Patterson, Alan.,</subfield><subfield code="e">author.</subfield></datafield><datafield ind1="1" ind2="0" tag="245"><subfield code="a">Leader evolution :</subfield><subfield code="b">from technical expertise to strategic leadership /</subfield><subfield code="c">Alan Patterson.</subfield></datafield><datafield ind1=" " ind2=" " tag="250"><subfield code="a">First edition.</subfield></datafield><datafield ind1=" " ind2="1" tag="264"><subfield code="a">New York, New York (222 East 46th Street, New York, NY 10017) :</subfield><subfield code="b">Business Expert Press,</subfield><subfield code="c">2015.</subfield></datafield><datafield ind1=" " ind2=" " tag="300"><subfield code="a">1 online resource (xx, 175 pages)</subfield></datafield><datafield ind1=" " ind2=" " tag="336"><subfield code="a">text</subfield><subfield code="2">rdacontent</subfield></datafield><datafield ind1=" " ind2=" " tag="337"><subfield code="a">computer</subfield><subfield code="2">rdamedia</subfield></datafield><datafield ind1=" " ind2=" " tag="338"><subfield code="a">online resource</subfield><subfield code="2">rdacarrier</subfield></datafield><datafield ind1="1" ind2=" " tag="490"><subfield code="a">Human resource management and organizational behavior collection,</subfield><subfield code="x">1946-5645</subfield></datafield><datafield ind1=" " ind2=" " tag="500"><subfield code="a">Part of: 2014 digital library.</subfield></datafield><datafield ind1=" " ind2=" " tag="504"><subfield code="a">Includes bibliographical references (pages 167-171) and index.</subfield></datafield><datafield ind1="0" ind2=" " tag="505"><subfield code="a">A context for leadership development -- Stage one : expertise -- Stage two : credibility -- Stage three : alignment and execution -- Stage four : strategy -- Defying gravity -- Coda.</subfield></datafield><datafield ind1=" " ind2=" " tag="506"><subfield code="a">Access restricted to authorized users and institutions.</subfield></datafield><datafield ind1="3" ind2=" " tag="520"><subfield code="a">Most individuals who move into leadership positions experience the modern day version of trial by ordeal. It's sink or swim. To reduce the learning curve and create a more effective process, Leader Evolution describes a road map for leadership development, a series of four stages that expand personal competence as well as create a broader impact on the organization or business. Each stage requires unique changes in thinking, perspective taking, and behavior, both those needed to acquire as well as those needed to jettison. The book is a pragmatic approach for self-motived individuals to take control of their professional development by giving them the concepts, tools, techniques, and assignments to develop their leadership effectiveness where it counts the most--on the job. In addition to new and existing managers, the book is ideally suited for technical professionals and leaders in technical organizations looking to develop critical leadership behaviors distinct from technical expertise. These include individuals who are moving on a technical rather than managerial track. The broad application of concepts and techniques also makes this book appealing to organizations developing their leaders as part of broad change initiatives. While the concepts and principles are directed toward the individual for on-the-job application, the book serves as an organizational and leadership development resource for Executive MBA programs as well as a blueprint for in-house leadership development programs.</subfield></datafield><datafield ind1=" " ind2=" " tag="588"><subfield code="a">Title from PDF title page (viewed on October 25, 2014).</subfield></datafield><datafield ind1=" " ind2=" " tag="596"><subfield code="a">44</subfield></datafield><datafield ind1=" " ind2="0" tag="650"><subfield code="a">Leadership.</subfield></datafield><datafield ind1=" " ind2="0" tag="830"><subfield code="a">Human resource management and organizational behavior collection.</subfield><subfield code="x">1946-5645</subfield></datafield><datafield ind1="4" ind2="0" tag="856"><subfield code="3">University of Alberta Access</subfield><subfield code="u">http://site.ebrary.com/lib/ualbertagep/Doc?id=10956090</subfield></datafield><datafield ind1=" " ind2=" " tag="949"><subfield code="h">UAIN</subfield><subfield code="z">EBRARYBEP</subfield></datafield><datafield ind1=" " ind2=" " tag="926"><subfield code="a">Internet Access</subfield><subfield code="w">LC</subfield><subfield code="c">1</subfield><subfield code="i">6741147-1001</subfield><subfield code="l">INTERNET</subfield><subfield code="m">UAINTERNET</subfield><subfield code="r">Y</subfield><subfield code="s">Y</subfield><subfield code="t">E-RESOURCE</subfield><subfield code="u">11/21/2014</subfield><subfield code="x">E-BOOK</subfield><subfield code="z">EBRARYBEP</subfield></datafield></record>